<record><leader>02446cjm a2200601 a 4500</leader><controlfield tag="001">1312131</controlfield><controlfield tag="007">sd bsmennmpluu</controlfield><controlfield tag="008">900814s1985    onczznn  efh        fre d</controlfield><datafield ind1=" " ind2=" " tag="016"><subfield code="a">870523805F</subfield></datafield><datafield ind1="0" ind2="0" tag="028"><subfield code="a">CMC-2085</subfield><subfield code="b">Centrediscs</subfield></datafield><datafield ind1="1" ind2="1" tag="028"><subfield code="a">WRC1-4550</subfield><subfield code="b">Centredisc</subfield></datafield><datafield ind1="0" ind2="1" tag="028"><subfield code="a">2085</subfield><subfield code="b">Centrediscs</subfield></datafield><datafield ind1="0" ind2="1" tag="028"><subfield code="a">4550</subfield><subfield code="b">Centredisc</subfield></datafield><datafield ind1=" " ind2=" " tag="035"><subfield code="a">ocn465081776</subfield></datafield><datafield ind1=" " ind2=" " tag="040"><subfield code="a">CaOONL</subfield><subfield code="b">fre</subfield><subfield code="c">CaOONL</subfield></datafield><datafield ind1="0" ind2=" " tag="041"><subfield code="d">fre</subfield><subfield code="g">freeng</subfield></datafield><datafield ind1=" " ind2=" " tag="043"><subfield code="a">n-cn---</subfield></datafield><datafield ind1=" " ind2=" " tag="045"><subfield code="a">x-x-</subfield></datafield><datafield ind1=" " ind2=" " tag="048"><subfield code="a">va02</subfield><subfield code="a">oz</subfield></datafield><datafield ind1=" " ind2=" " tag="048"><subfield code="a">oz</subfield></datafield><datafield ind1=" " ind2=" " tag="048"><subfield code="a">sa01</subfield><subfield code="a">wc01</subfield></datafield><datafield ind1=" " ind2=" " tag="049"><subfield code="a">AEU</subfield><subfield code="b">fre</subfield></datafield><datafield ind1="0" ind2="1" tag="055"><subfield code="a">M1</subfield></datafield><datafield ind1="0" ind2=" " tag="082"><subfield code="a">780</subfield><subfield code="2">19</subfield></datafield><datafield ind1="0" ind2=" " tag="090"><subfield code="a">M 2.3 C2 M812 1985</subfield></datafield><datafield ind1="0" ind2="0" tag="245"><subfield code="a">Montr&#233;al postmoderne</subfield><subfield code="h">[sound recording].</subfield></datafield><datafield ind1=" " ind2=" " tag="260"><subfield code="a">Toronto :</subfield><subfield code="b">Centrediscs = Centredisques,</subfield><subfield code="c">c1985.</subfield></datafield><datafield ind1=" " ind2=" " tag="300"><subfield code="a">1 disc :</subfield><subfield code="b">analog, 33 1/3 rpm ;</subfield><subfield code="c">12 in.</subfield></datafield><datafield ind1=" " ind2=" " tag="336"><subfield code="a">performed music</subfield><subfield code="b">prm</subfield><subfield code="2">rdacontent</subfield></datafield><datafield ind1=" " ind2=" " tag="337"><subfield code="a">audio</subfield><subfield code="b">s</subfield><subfield code="2">rdamedia</subfield></datafield><datafield ind1=" " ind2=" " tag="338"><subfield code="a">audio disc</subfield><subfield code="b">sd</subfield><subfield code="2">rdacarrier</subfield></datafield><datafield ind1=" " ind2=" " tag="500"><subfield code="a">Centredisc: CMC-2085, WRC1-4550.</subfield></datafield><datafield ind1=" " ind2=" " tag="500"><subfield code="a">Digital recording.</subfield></datafield><datafield ind1="0" ind2=" " tag="505"><subfield code="a">Voix intimes / Denis Gougeon (11:39) -- Treppenmusik / John Rea (16:02) -- Pour violon et clarinette / Claude Vivier (5:57) -- Clos de vie / Jos&#233; Evangelista (15:11).</subfield></datafield><datafield ind1="0" ind2=" " tag="511"><subfield code="a">Marie-Danielle Parent, Yolande Parent, sopranos ; Les Ev&#233;nements du neuf ; Lorraine Vaillancourt, conductor (1st work) ; Ensemble de la SMCQ ; Serge Garant, directeur (2nd and 4th works) ; Luis Grinhauz, violin ; Michael Dumouchel, clarinet (3rd work).</subfield></datafield><datafield ind1=" " ind2=" " tag="596"><subfield code="a">38</subfield></datafield><datafield ind1=" " ind2="0" tag="650"><subfield code="a">Vocal duets with instrumental ensemble.</subfield></datafield><datafield ind1=" " ind2="0" tag="650"><subfield code="a">Instrumental ensembles.</subfield></datafield><datafield ind1=" " ind2="0" tag="650"><subfield code="a">Clarinet and violin music.</subfield></datafield><datafield ind1=" " ind2="0" tag="650"><subfield code="a">Music</subfield><subfield code="z">Canada</subfield><subfield code="y">20th century.</subfield></datafield><datafield ind1="1" ind2=" " tag="700"><subfield code="a">Parent, Marie-Danielle.</subfield></datafield><datafield ind1="1" ind2=" " tag="700"><subfield code="a">Parent, Yolande.</subfield></datafield><datafield ind1="1" ind2=" " tag="700"><subfield code="a">Vaillancourt, Lorraine,</subfield><subfield code="d">1943-</subfield></datafield><datafield ind1="1" ind2=" " tag="700"><subfield code="a">Garant, Serge,</subfield><subfield code="d">1929-1986.</subfield></datafield><datafield ind1="1" ind2=" " tag="700"><subfield code="a">Grinhauz, Luis,</subfield><subfield code="d">1942-</subfield></datafield><datafield ind1="1" ind2=" " tag="700"><subfield code="a">Dumouchel, Michael.</subfield></datafield><datafield ind1="1" ind2="2" tag="700"><subfield code="a">Gougeon, Denis,</subfield><subfield code="d">1951-</subfield><subfield code="t">Voix intimes.</subfield></datafield><datafield ind1="1" ind2="2" tag="700"><subfield code="a">Rea, John,</subfield><subfield code="d">1944-</subfield><subfield code="t">Treppenmusik.</subfield></datafield><datafield ind1="1" ind2="2" tag="700"><subfield code="a">Vivier, Claude,</subfield><subfield code="d">1948-1983.</subfield><subfield code="t">Pieces,</subfield><subfield code="m">violin, clarinet.</subfield></datafield><datafield ind1="1" ind2="2" tag="700"><subfield code="a">Evangelista, Jos&#233;,</subfield><subfield code="d">1943-</subfield><subfield code="t">Clos de vie.</subfield></datafield><datafield ind1="2" ind2=" " tag="710"><subfield code="a">Soci&#233;t&#233; de musique contemporaine du Qu&#233;bec.</subfield></datafield><datafield ind1=" " ind2=" " tag="926"><subfield code="a">M 2.3 C2 M812 1985</subfield><subfield code="w">LC</subfield><subfield code="c">1</subfield><subfield code="i">000033498957</subfield><subfield code="l">ON_SHELF</subfield><subfield code="m">UABARD</subfield><subfield code="p">$150.00</subfield><subfield code="r">Y</subfield><subfield code="s">Y</subfield><subfield code="t">MUSICSOUND</subfield><subfield code="u">8/17/1990</subfield><subfield code="o">.STAFF. C0013512</subfield></datafield><datafield ind1=" " ind2=" " tag="926"><subfield code="a">M 2.3 C2 M812 1985</subfield><subfield code="w">LC</subfield><subfield code="c">2</subfield><subfield code="i">000033498981</subfield><subfield code="l">ON_SHELF</subfield><subfield code="m">UABARD</subfield><subfield code="p">$150.00</subfield><subfield code="r">Y</subfield><subfield code="s">Y</subfield><subfield code="t">MUSICSOUND</subfield><subfield code="u">8/17/1990</subfield><subfield code="o">.STAFF. C0013512</subfield></datafield></record>